0123-456 12345678 01NAB       DEMO LLC                  324445PAYROLL     311024                                        
1999-999  5656565 530000202220John                            OUTA1             123-456 12345678Chandler Re     00000000
1123-456   123456 530000082400Henry                           OUTA10            123-456 12345678Chandler Re     00000000
1123-456 12345678 130000284620DEMO LLC                        31-Oct-2024       123-456 12345678Chandler Re     00000000
7999-999            000000000000002846200000284620                        000003                                        