0123-456 12345678 01NAB       DEMO LLC                  324445PAYROLL     031124                                        
1123-456   123456 530000184750Devon                           OUTA24            123-456 12345678Chandler Re     00000000
1123-456 12345678 130000184750DEMO LLC                        03-Nov-2024       123-456 12345678Chandler Re     00000000
7999-999            000000000000001847500000184750                        000002                                        