0123-456 12345678 01NAB       DEMO LLC                  324445PAYROLL     151024                                        
1123-456   123456 530000095300Henry                           OUTA10            123-456 12345678Chandler Re     00000000
1345-43534534534535 530000128700dfgdfg                          OUTA4             123-456 12345678Chandler Re     00000000
1123-456 12345678 130000224000DEMO LLC                        15-Oct-2024       123-456 12345678Chandler Re     00000000
7999-999            000000000000002240000000224000                        000003                                        