0123-456 12345678 01NAB       DEMO LLC                  324445PAYROLL     151024                                        
1123-456   123456 530000123700Emma                            OUTA18            123-456 12345678Chandler Re     00000000
1123-456 12345678 130000123700DEMO LLC                        15-Oct-2024       123-456 12345678Chandler Re     00000000
7999-999            000000000000001237000000123700                        000002                                        