0123-456 12345678 01NAB       DEMO LLC                  324445PAYROLL     161024                                        
1123-456   123456 530000032900Devon                           OUTA24            123-456 12345678Chandler Re     00000000
1123-456 12345678 130000032900DEMO LLC                        16-Oct-2024       123-456 12345678Chandler Re     00000000
7999-999            000000000000000329000000032900                        000002                                        