0123-456 12345678 01NAB       DEMO LLC                  324445PAYROLL     171024                                        
1123-456   123456 530000159800Ella                            OUTA23            123-456 12345678Chandler Re     00000000
1123-456 12345678 130000159800DEMO LLC                        17-Oct-2024       123-456 12345678Chandler Re     00000000
7999-999            000000000000001598000000159800                        000002                                        